@ONLINE{pugli,
	author = {Gustavo Pugliese},
	title = {STEM: O Movimento, as Críticas e o que está em jogo},
	month = ago,
	year = {2019},
	url = {​ http://porvir.org/stem-o-movimento-as-criticas-e-o-que-esta-em-jogo}
}

@article{larchert,
	title={Pedagogia: Didática e Tecnologia I},
	author={Jeanes Martins Larchert},
	year={2010}
	institution = {UAB/UESC}
}

@article{Karahoca,
	title={Robotics teaching in primary school education by project based learning for supporting science and technology courses},
	author={D. Karahoca},
	year={2010}
	institution = {Elsevier LTD.}
}

@article{Dillen,
	title={Collaborative Learning: Cognitive and
	Computational Approaches, Advances in Learning and Instruction Series},
	author={P. Dillenbourg},
	year={1999}
	institution = {Elsevier Science.}
}

@BOOK {Palangana,
	author    = "Isilda Campaner Palangana",
	title     = "Desenvolvimento e Aprendizagem em Piaget e Vigotski:​ ​ A relevância Social",
	publisher = "Summus Editorial",
	year      = "2015",
	edition   = "sixth"
}

@article{wolf,
	title={Understanding the Do-It-Yourself Consumer: DIY Motivation and Outcomes},
	author={Wolf & McQuitty},
	year={2011}
	institution = {Academy of Marketing Science Review}
}